
@inproceedings{chen_xgboost_2016,
	address = {New York, NY, USA},
	author = {Chen, Tianqi and Guestrin, Carlos},
	booktitle = {Proceedings of the 22nd {ACM} {SIGKDD} {International} {Conference} on {Knowledge} {Discovery} and {Data} {Mining}},
	month = aug,
	pages = {785--794},
	publisher = {Association for Computing Machinery},
	series = {{KDD} '16},
	title = {{XGBoost}: {A} {Scalable} {Tree} {Boosting} {System}},
	year = {2016}}

@unpublished{geisa_towards_2021,
	author = {Geisa, Ali and Mehta, Ronak and Helm, Hayden S. and Dey, Jayanta and Eaton, Eric and Priebe, Carey E. and Vogelstein, Joshua T.},
	note = {\_eprint: 2109.14501},
	title = {Towards a theory of out-of-distribution learning},
	year = {2021}}

@inproceedings{roy_mondrian_2009,
	author = {Roy, DM and Teh, YW},
	booktitle = {Advances in {Neural} {Information} {Processing} {Systems}},
	title = {The {Mondrian} process},
	year = {2009}}

@inproceedings{abdulsalam_streaming_2007,
	author = {Abdulsalam, Hanady and Skillicorn, David B. and Martin, Patrick},
	booktitle = {11th {International} {Database} {Engineering} and {Applications} {Symposium} ({IDEAS} 2007)},
	pages = {225--232},
	title = {Streaming {Random} {Forests}},
	year = {2007}}

@inproceedings{rampone_splice-junction_1998,
	author = {Rampone, S.},
	booktitle = {1998 {IEEE} {International} {Joint} {Conference} on {Neural} {Networks} {Proceedings}. {IEEE} {World} {Congress} on {Computational} {Intelligence} ({Cat}. {No}.{98CH36227})},
	pages = {774--779 vol.1},
	title = {Splice-junction recognition on gene sequences ({DNA}) by {BRAIN} learning algorithm},
	volume = {1},
	year = {1998}}

@inproceedings{sarkar_splice_2020,
	address = {Cham},
	author = {Sarkar, Rahul and Chatterjee, Chandra Churh and Das, Sayantan and Mondal, Dhiman},
	booktitle = {Advances in {Decision} {Sciences}, {Image} {Processing}, {Security} and {Computer} {Vision}},
	editor = {Satapathy, Suresh Chandra and Raju, K. Srujan and Shyamala, K. and Krishna, D. Rama and Favorskaya, Margarita N.},
	pages = {39--47},
	publisher = {Springer International Publishing},
	title = {Splice {Junction} {Prediction} in {DNA} {Sequence} {Using} {Multilayered} {RNN} {Model}},
	year = {2020}}

@article{amit_shape_1997,
	author = {Amit, Yali and Geman, Donald},
	journal = {Neural Computation},
	month = jul,
	number = {7},
	pages = {1545--1588},
	title = {Shape {Quantization} and {Recognition} with {Randomized} {Trees}},
	volume = {9},
	year = {1997}}

@article{pedregosa_scikit-learn_2011,
	author = {Pedregosa, F. and Varoquaux, G. and Gramfort, A. and Michel, V. and Thirion, B. and Grisel, O. and Blondel, M. and Prettenhofer, P. and Weiss, R. and Dubourg, V. and Vanderplas, J. and Passos, A. and Cournapeau, D. and Brucher, M. and Perrot, M. and Duchesnay, E.},
	journal = {Journal of Machine Learning Research},
	pages = {2825--2830},
	title = {Scikit-learn: {Machine} {Learning} in {Python}},
	volume = {12},
	year = {2011}}

@article{kumar_scikit-gardenscikit-garden_2017,
	author = {Kumar, M},
	journal = {Accessed: Apr},
	pages = {2018},
	title = {Scikit-garden/scikit-garden: {A} garden for scikit-learn compatible trees},
	volume = {13},
	year = {2017}}

@misc{montiel_river_2020,
	author = {Montiel, Jacob and Halford, Max and Mastelini, Saulo Martiello and Bolmier, Geoffrey and Sourty, Raphael and Vaysse, Robin and Zouitine, Adil and Gomes, Heitor Murilo and Read, Jesse and Abdessalem, Talel and Bifet, Albert},
	title = {River: machine learning for streaming data in {Python}},
	year = {2020}}

@article{breiman_random_2001,
	author = {Breiman, Leo},
	journal = {Machine Learning},
	number = {1},
	pages = {5--32},
	title = {Random {Forests}},
	volume = {45},
	year = {2001}}

@incollection{hoeffding_probability_1994,
	address = {New York, NY},
	author = {Hoeffding, Wassily},
	booktitle = {The {Collected} {Works} of {Wassily} {Hoeffding}},
	editor = {Fisher, N. I. and Sen, P. K.},
	pages = {409--426},
	publisher = {Springer},
	series = {Springer {Series} in {Statistics}},
	title = {Probability {Inequalities} for sums of {Bounded} {Random} {Variables}},
	year = {1994}}

@misc{alpaydin_pen-based_1998,
	author = {Alpaydin, E. and Alimoglu, Fevzi.},
	title = {Pen-{Based} {Recognition} of {Handwritten} {Digits}},
	year = {1998}}

@unpublished{feurer_openml-python_2019,
	author = {Feurer, Matthias and Rijn, Jan N. van and Kadra, Arlind and Gijsbers, Pieter and Mallik, Neeratyoy and Ravi, Sahithya and Mueller, Andreas and Vanschoren, Joaquin and Hutter, Frank},
	title = {{OpenML}-{Python}: an extensible {Python} {API} for {OpenML}},
	year = {2019}}

@article{vanschoren_openml_2013,
	author = {Vanschoren, Joaquin and van Rijn, Jan N. and Bischl, Bernd and Torgo, Luis},
	journal = {SIGKDD Explorations},
	number = {2},
	pages = {49--60},
	title = {{OpenML}: {Networked} {Science} in {Machine} {Learning}},
	volume = {15},
	year = {2013}}

@unpublished{bischl_openml_2019,
	author = {Bischl, Bernd and Casalicchio, Giuseppe and Feurer, Matthias and Hutter, Frank and Lang, Michel and Mantovani, Rafael G. and Rijn, Jan N. van and Vanschoren, Joaquin},
	title = {{OpenML} {Benchmarking} {Suites}},
	year = {2019}}

@inproceedings{lakshminarayanan_mondrian_2014,
	author = {Lakshminarayanan, Balaji and Roy, Daniel M and Teh, Yee Whye},
	booktitle = {Advances in {Neural} {Information} {Processing} {Systems}},
	editor = {Ghahramani, Z. and Welling, M. and Cortes, C. and Lawrence, N. and Weinberger, K. Q.},
	publisher = {Curran Associates, Inc.},
	title = {Mondrian {Forests}: {Efficient} {Online} {Random} {Forests}},
	volume = {27},
	year = {2014}}

@misc{towell_molecular_1991,
	author = {Towell, G. and Noordewier, M. and Shavlik, J.},
	title = {Molecular {Biology} ({Splice}-junction {Gene} {Sequences})},
	year = {1991}}

@inproceedings{domingos_mining_2000,
	address = {New York, NY, USA},
	author = {Domingos, Pedro and Hulten, Geoff},
	booktitle = {Proceedings of the {Sixth} {ACM} {SIGKDD} {International} {Conference} on {Knowledge} {Discovery} and {Data} {Mining}},
	pages = {71--80},
	publisher = {Association for Computing Machinery},
	series = {{KDD} '00},
	title = {Mining {High}-{Speed} {Data} {Streams}},
	year = {2000}}

@inproceedings{alimoglu_methods_1996,
	author = {Alimoglu, Fevzi and Alpaydin, Ethem},
	booktitle = {Proceedings of the {Fifth} {Turkish} {Artificial} {Intelligence} and {Artificial} {Neural} {Networks} {Symposium} ({TAINN} 96},
	title = {Methods of {Combining} {Multiple} {Classifiers} {Based} on {Different} {Representations} for {Pen}-based {Handwritten} {Digit} {Recognition}},
	year = {1996}}

@article{jordan_machine_2015,
	author = {Jordan, M. I. and Mitchell, T. M.},
	journal = {Science},
	number = {6245},
	pages = {255--260},
	title = {Machine learning: {Trends}, perspectives, and prospects},
	volume = {349},
	year = {2015}}

@article{krizhevsky_learning_2012,
	author = {Krizhevsky, Alex},
	journal = {University of Toronto},
	title = {Learning {Multiple} {Layers} of {Features} from {Tiny} {Images}},
	year = {2012}}

@inproceedings{liu_isolation_2008,
	author = {Liu, Fei Tony and Ting, Kai Ming and Zhou, Zhi-Hua},
	booktitle = {2008 {Eighth} {IEEE} {International} {Conference} on {Data} {Mining}},
	month = dec,
	pages = {413--422},
	title = {Isolation {Forest}},
	year = {2008}}

@inproceedings{lavanya_handwritten_2017,
	author = {Lavanya, K and Bajaj, Shaurya and Tank, Prateek and Jain, Shashwat},
	booktitle = {2017 {International} {Conference} on {Computational} {Intelligence} in {Data} {Science}({ICCIDS})},
	month = jun,
	pages = {1--6},
	title = {Handwritten digit recognition using hoeffding tree, decision tree and random forests --- {A} comparative approach},
	year = {2017}}

@misc{mondrian_dutch_1921,
	author = {Mondrian, Piet},
	title = {Dutch: {Compositie} met groot rood vlak, geel, zwart, grijs en blauw {Composition} with {Red}, {Yellow}, {Blue}, and {Blacktitle} {QS}:{P1476},nl:"{Compositie} met groot rood vlak, geel, zwart, grijs en blauw "},
	year = {1921}}

@article{fernandez-delgado_we_2014,
	author = {Fern{\'a}ndez-Delgado, Manuel and Cernadas, Eva and Barro, Sen{\'e}n and Amorim, Dinani},
	journal = {Journal of Machine Learning Research},
	number = {90},
	pages = {3133--3181},
	title = {Do we {Need} {Hundreds} of {Classifiers} to {Solve} {Real} {World} {Classification} {Problems}?},
	volume = {15},
	year = {2014}}

@article{biau_consistency_2008,
	author = {Biau, G{\'e}rard and Devroye, Luc and Lugosi, G{\'a}bor},
	journal = {Journal of Machine Learning Research},
	number = {66},
	pages = {2015--2033},
	title = {Consistency of {Random} {Forests} and {Other} {Averaging} {Classifiers}},
	volume = {9},
	year = {2008}}

@article{liaw_classification_2002,
	author = {Liaw, Andy and Wiener, Matthew and {others}},
	journal = {R news},
	number = {3},
	pages = {18--22},
	title = {Classification and regression by {randomForest}},
	volume = {2},
	year = {2002}}

@inproceedings{caruana_empirical_2008,
	address = {New York, New York, USA},
	author = {Caruana, Rich and Karampatziakis, Nikos and Yessenalina, Ainur},
	booktitle = {Proceedings of the 25th international conference on {Machine} learning},
	month = jul,
	pages = {96--103},
	publisher = {ACM},
	title = {An empirical evaluation of supervised learning in high dimensions},
	year = {2008}}

@inproceedings{caruana_empirical_2006,
	address = {New York, NY, USA},
	author = {Caruana, Rich and Niculescu-Mizil, Alexandru},
	booktitle = {Proceedings of the 23rd {International} {Conference} on {Machine} {Learning}},
	pages = {161--168},
	publisher = {ACM},
	series = {{ICML} '06},
	title = {An {Empirical} {Comparison} of {Supervised} {Learning} {Algorithms}},
	year = {2006}}

@inproceedings{bifet_adaptive_2009,
	author = {Bifet, Albert and Gavalda, Ricard},
	booktitle = {International {Symposium} on {Intelligent} {Data} {Analysis}},
	pages = {249--260},
	publisher = {Springer},
	title = {Adaptive learning from evolving data streams},
	year = {2009}}

@article{ben-haim_streaming_2010,
	author = {Ben-Haim, Yael and Tom-Tov, Elad},
	journal = {Journal of Machine Learning Research},
	number = {Feb},
	pages = {849--872},
	title = {A {Streaming} {Parallel} {Decision} {Tree} {Algorithm}},
	volume = {11},
	year = {2010}}

@article{khannouz_benchmark_2020,
	author = {Khannouz, Martin and Glatard, Tristan},
	journal = {Sensors},
	number = {22},
	title = {A {Benchmark} of {Data} {Stream} {Classification} for {Human} {Activity} {Recognition} on {Connected} {Objects}},
	volume = {20},
	year = {2020}}

@misc{fisher_uci_1988,
	author = {Fisher, R. A.},
	title = {{UCI} {Machine} {Learning} {Repository}: {Iris} {Data} {Set}},
	year = {1988}}

@misc{rodola_giampaolopsutil_2022,
	author = {Rodola, Giampaolo},
	month = jan,
	title = {giampaolo/psutil},
	year = {2022}}

@misc{joblib_developers_joblibjoblib_2022,
	author = {{Joblib developers}},
	month = jan,
	title = {joblib/joblib},
	year = {2022}}

@inproceedings{pfahringer_new_2007,
	address = {Berlin, Heidelberg},
	author = {Pfahringer, Bernhard and Holmes, Geoffrey and Kirkby, Richard},
	booktitle = {{AI} 2007: {Advances} in {Artificial} {Intelligence}},
	editor = {Orgun, Mehmet A. and Thornton, John},
	pages = {90--99},
	publisher = {Springer},
	series = {Lecture {Notes} in {Computer} {Science}},
	title = {New {Options} for {Hoeffding} {Trees}},
	year = {2007}}

@article{gomes_machine_2019,
	author = {Gomes, Heitor Murilo and Read, Jesse and Bifet, Albert and Barddal, Jean Paul and Gama, Jo{\~a}o},
	journal = {ACM SIGKDD Explorations Newsletter},
	month = nov,
	number = {2},
	pages = {6--22},
	title = {Machine learning for streaming data: state of the art, challenges, and opportunities},
	volume = {21},
	year = {2019}}

@inproceedings{lakshminarayanan_mondrian_2016,
	author = {Lakshminarayanan, Balaji and Roy, Daniel M. and Teh, Yee Whye},
	booktitle = {Proceedings of the 19th {International} {Conference} on {Artificial} {Intelligence} and {Statistics}},
	month = may,
	pages = {1478--1487},
	publisher = {PMLR},
	title = {Mondrian {Forests} for {Large}-{Scale} {Regression} when {Uncertainty} {Matters}},
	year = {2016}}

@article{ziegler_mining_2014,
	author = {Ziegler, Andreas and K{\"o}nig, Inke R.},
	journal = {WIREs Data Mining and Knowledge Discovery},
	number = {1},
	pages = {55--63},
	title = {Mining data with random forests: current options for real-world applications},
	volume = {4},
	year = {2014}}

@article{van_de_ven_three_2019,
	author = {van de Ven, Gido M. and Tolias, Andreas S.},
	journal = {arXiv:1904.07734 [cs, stat]},
	month = apr,
	title = {Three scenarios for continual learning},
	year = {2019}}
